<record><leader>00000cas a22000001a 4500</leader><controlfield tag="001">32352865</controlfield><controlfield tag="007">hd afa012baca</controlfield><controlfield tag="007">hd bfa012baaa</controlfield><controlfield tag="008">950421d185518uuilumr nea     0   b0fre c</controlfield><datafield ind1=" " ind2=" " tag="010"><subfield code="a">sn 94082199 </subfield></datafield><datafield ind1=" " ind2=" " tag="040"><subfield code="a">NN</subfield><subfield code="b">eng</subfield><subfield code="c">RQM</subfield><subfield code="d">OCL</subfield><subfield code="d">OCLCQ</subfield><subfield code="d">OCLCF</subfield><subfield code="d">OCLCO</subfield><subfield code="d">OCLCQ</subfield></datafield><datafield ind1=" " ind2=" " tag="012"><subfield code="i">9502</subfield></datafield><datafield ind1="0" ind2=" " tag="041"><subfield code="a">fre</subfield><subfield code="a">eng</subfield><subfield code="a">ger</subfield></datafield><datafield ind1=" " ind2=" " tag="042"><subfield code="a">pcc</subfield></datafield><datafield ind1=" " ind2=" " tag="043"><subfield code="a">n-us---</subfield></datafield><datafield ind1="1" ind2="0" tag="082"><subfield code="a">335</subfield><subfield code="2">12</subfield></datafield><datafield ind1="0" ind2="0" tag="245"><subfield code="a">Revue Icarienne.</subfield></datafield><datafield ind1=" " ind2=" " tag="260"><subfield code="a">Nauvoo, Ill. :</subfield><subfield code="b">E. Cabet</subfield></datafield><datafield ind1=" " ind2=" " tag="300"><subfield code="a">volumes ;</subfield><subfield code="c">31-44 cm</subfield></datafield><datafield ind1=" " ind2=" " tag="310"><subfield code="a">Monthly</subfield></datafield><datafield ind1=" " ind2=" " tag="336"><subfield code="a">text</subfield><subfield code="b">txt</subfield><subfield code="2">rdacontent</subfield></datafield><datafield ind1=" " ind2=" " tag="337"><subfield code="a">microform</subfield><subfield code="b">h</subfield><subfield code="2">rdamedia</subfield></datafield><datafield ind1=" " ind2=" " tag="338"><subfield code="a">microfilm reel</subfield><subfield code="b">hd</subfield><subfield code="2">rdacarrier</subfield></datafield><datafield ind1="1" ind2=" " tag="362"><subfield code="a">Began in Jan. 1855?</subfield></datafield><datafield ind1=" " ind2=" " tag="500"><subfield code="a">Published in Corning, Iowa, &lt;Nov. 1878-Apr. 1888&gt;.</subfield></datafield><datafield ind1=" " ind2=" " tag="515"><subfield code="a">Suspended publication May-Aug. 1855.</subfield></datafield><datafield ind1=" " ind2=" " tag="515"><subfield code="a">Some issues lack unique chronological designation.</subfield></datafield><datafield ind1=" " ind2=" " tag="515"><subfield code="a">Numbering irregular.</subfield></datafield><datafield ind1=" " ind2=" " tag="546"><subfield code="a">In French, &lt;Feb. 1855-July 1856&gt;; in French, with some English and German, &lt;Nov. 1878-Apr. 1888&gt;.</subfield></datafield><datafield ind1=" " ind2=" " tag="588"><subfield code="a">Description based on: Vol. 1, no 2 (fe&#769;vr. 1855).</subfield></datafield><datafield ind1=" " ind2=" " tag="533"><subfield code="a">Microfilm.</subfield><subfield code="m">v.1-10,no. 2 (nov. 1878-avril 1888):[Gaps]</subfield><subfield code="b">New York :</subfield><subfield code="c">New York Public Library,</subfield><subfield code="d">[19--].</subfield><subfield code="e">1 microfilm reel ; 35 mm.</subfield></datafield><datafield ind1=" " ind2="0" tag="650"><subfield code="a">French</subfield><subfield code="z">United States</subfield><subfield code="v">Newspapers.</subfield></datafield><datafield ind1=" " ind2="0" tag="650"><subfield code="a">Icarian movement</subfield><subfield code="v">Newspapers.</subfield></datafield><datafield ind1=" " ind2="7" tag="650"><subfield code="a">French.</subfield><subfield code="2">fast</subfield><subfield code="0">(OCoLC)fst00934209</subfield></datafield><datafield ind1=" " ind2="7" tag="650"><subfield code="a">Icarian movement.</subfield><subfield code="2">fast</subfield><subfield code="0">(OCoLC)fst00966498</subfield></datafield><datafield ind1=" " ind2="7" tag="651"><subfield code="a">United States.</subfield><subfield code="2">fast</subfield><subfield code="0">(OCoLC)fst01204155</subfield></datafield><datafield ind1=" " ind2="7" tag="655"><subfield code="a">Newspapers.</subfield><subfield code="2">fast</subfield><subfield code="0">(OCoLC)fst01423814</subfield></datafield><datafield ind1=" " ind2=" " tag="752"><subfield code="a">United States</subfield><subfield code="b">Iowa</subfield><subfield code="c">Adams</subfield><subfield code="d">Corning.</subfield></datafield><datafield ind1=" " ind2=" " tag="752"><subfield code="a">United States</subfield><subfield code="b">Illinois</subfield><subfield code="c">Hancock</subfield><subfield code="d">Nauvoo.</subfield></datafield><datafield ind1="1" ind2=" " tag="776"><subfield code="c">Original</subfield><subfield code="w">(DLC)sn 86060309</subfield></datafield><datafield ind1="0" ind2="0" tag="780"><subfield code="t">Colonie Icarienne</subfield></datafield><datafield ind1=" " ind2=" " tag="850"><subfield code="a">NN</subfield><subfield code="a">NN (master)</subfield></datafield><datafield ind1="1" ind2=" " tag="029"><subfield code="a">AU@</subfield><subfield code="b">000025891404</subfield></datafield></record>